<?xml version="1.0" encoding="UTF-8"?><collection xmlns="http://www.loc.gov/MARC21/slim"><record><leader>00653nam--2200181-i-4500</leader><controlfield tag="001">000010301</controlfield><controlfield tag="002">20161230</controlfield><controlfield tag="005">20161230201028</controlfield><controlfield tag="008">060222s1000------------r-----000-0-eng-d</controlfield><datafield ind1=" " ind2=" " tag="040"><subfield code="a">IFIN-HH</subfield></datafield><datafield ind1=" " ind2=" " tag="080"><subfield code="a">539.2:669.017</subfield></datafield><datafield ind1="1" ind2=" " tag="100"><subfield code="a">Kenny, P</subfield></datafield><datafield ind1="1" ind2="0" tag="245"><subfield code="a">Progress in materials science vol. 13 no. 3 fracture toughness, an examination of the concept in predicting the failure of materials</subfield><subfield code="b">Incorporating progress in metal physics; bruce chalmers, w. hume-rothery (eds.)</subfield><subfield code="c">P. kenny, j.d. campbell</subfield></datafield><datafield ind1=" " ind2=" " tag="260"><subfield code="a">Oxford</subfield><subfield code="b">Pergamon Press</subfield><subfield code="c">1967</subfield></datafield><datafield ind1=" " ind2=" " tag="300"><subfield code="a">/134P./181P</subfield></datafield><datafield ind1="1" ind2=" " tag="700"><subfield code="a">Campbell, J.D</subfield></datafield><datafield ind1=" " ind2=" " tag="852"><subfield code="a">10017</subfield><subfield code="c">539.2</subfield></datafield><datafield ind1=" " ind2=" " tag="CAT"><subfield code="a">Sys</subfield><subfield code="c">20120720</subfield><subfield code="h">114020</subfield></datafield></record></collection>